%%
% 参考文献
% 参考文献是毕业设计(论文)不可缺少的组成部分,它反映毕业设计(论文)的取材来源、材料的广博程度和材料的可靠程度,也是作者对他人知识成果的承认和尊重。一份完整的参考文献可向读者提供一份有价值的信息资料,列入的文献应在 10 篇以上,其中外文文献在 2 篇以上。
%%
@inproceedings{turk1991face,
  title={Face recognition using eigenfaces.},
  author={Turk, Matthew A and Pentland, Alex and others},
  booktitle={CVPR},
  volume={91},
  pages={586--591},
  year={1991}
}
@article{jain1997line,
  title={On-line fingerprint verification},
  author={Jain, Anil and Hong, Lin and Bolle, Ruud},
  journal={IEEE transactions on pattern analysis and machine intelligence},
  volume={19},
  number={4},
  pages={302--314},
  year={1997},
  publisher={IEEE}
}
@incollection{daugman2009iris,
  title={How iris recognition works},
  author={Daugman, John},
  booktitle={The essential guide to image processing},
  pages={715--739},
  year={2009},
  publisher={Elsevier}
}
@article{qin2017deep,
  title={Deep representation-based feature extraction and recovering for finger-vein verification},
  author={Qin, Huafeng and El-Yacoubi, Mounim A},
  journal={IEEE Transactions on Information Forensics and Security},
  volume={12},
  number={8},
  pages={1816--1829},
  year={2017},
  publisher={IEEE}
}
@article{wang2003silhouette,
  title={Silhouette analysis-based gait recognition for human identification},
  author={Wang, Liang and Tan, Tieniu and Ning, Huazhong and Hu, Weiming},
  journal={IEEE transactions on pattern analysis and machine intelligence},
  volume={25},
  number={12},
  pages={1505--1518},
  year={2003},
  publisher={IEEE}
}
@article{perrachione2011human,
  title={Human voice recognition depends on language ability},
  author={Perrachione, Tyler K and Del Tufo, Stephanie N and Gabrieli, John DE},
  journal={Science},
  volume={333},
  number={6042},
  pages={595--595},
  year={2011},
  publisher={American Association for the Advancement of Science}
}
@inproceedings{chingovska2012effectiveness,
  title={On the effectiveness of local binary patterns in face anti-spoofing},
  author={Chingovska, Ivana and Anjos, Andr{\'e} and Marcel, S{\'e}bastien},
  booktitle={2012 BIOSIG-proceedings of the international conference of biometrics special interest group (BIOSIG)},
  pages={1--7},
  year={2012},
  organization={IEEE}
}
@inproceedings{nesli2013spoofing,
  title={Spoofing in 2d face recognition with 3d masks and anti-spoofing with kinect},
  author={Nesli, Erdogmus and Marcel, S{\'e}bastien},
  booktitle={IEEE 6th International Conference on Biometrics: Theory, Applications and Systems (BTAS’13)},
  pages={1--8},
  year={2013}
}
@inproceedings{tanaka2004biometric,
  title={Biometric authentication by hand vein patterns},
  author={Tanaka, Toshiyuki and Kubo, Naohiko},
  booktitle={SICE 2004 Annual Conference},
  volume={1},
  pages={249--253},
  year={2004},
  organization={IEEE}
}
@article{kumar2011human,
  title={Human identification using finger images},
  author={Kumar, Ajay and Zhou, Yingbo},
  journal={IEEE Transactions on image processing},
  volume={21},
  number={4},
  pages={2228--2244},
  year={2011},
  publisher={IEEE}
}
@article{kumar2009personal,
  title={Personal authentication using hand vein triangulation and knuckle shape},
  author={Kumar, Ajay and Prathyusha, K Venkata},
  journal={IEEE Transactions on Image processing},
  volume={18},
  number={9},
  pages={2127--2136},
  year={2009},
  publisher={IEEE}
}
@article{zhou2011human,
  title={Human identification using palm-vein images},
  author={Zhou, Yingbo and Kumar, Ajay},
  journal={IEEE transactions on information forensics and security},
  volume={6},
  number={4},
  pages={1259--1274},
  year={2011},
  publisher={IEEE}
}
@article{jia2021performance,
  title={A performance evaluation of classic convolutional neural networks for 2D and 3D palmprint and palm vein recognition},
  author={Jia, Wei and Gao, Jian and Xia, Wei and Zhao, Yang and Min, Hai and Lu, Jing-Ting},
  journal={International Journal of Automation and Computing},
  volume={18},
  number={1},
  pages={18--44},
  year={2021},
  publisher={Springer}
}
@article{ou2022gan,
  title={Gan-based inter-class sample generation for contrastive learning of vein image representations},
  author={Ou, Wei-Feng and Po, Lai-Man and Zhou, Chang and Xian, Peng-Fei and Xiong, Jing-Jing},
  journal={IEEE Transactions on Biometrics, Behavior, and Identity Science},
  volume={4},
  number={2},
  pages={249--262},
  year={2022},
  publisher={IEEE}
}
@article{jia20212d,
  title={2D and 3D palmprint and palm vein recognition based on neural architecture search},
  author={Jia, Wei and Xia, Wei and Zhao, Yang and Min, Hai and Chen, Yan-Xiang},
  journal={International Journal of Automation and Computing},
  volume={18},
  number={3},
  pages={377--409},
  year={2021},
  publisher={Springer}
}
@article{su2023learning,
  title={Learning modality-invariant binary descriptor for crossing palmprint to palm-vein recognition},
  author={Su, Le and Fei, Lunke and Zhao, Shuping and Wen, Jie and Zhu, Jian and Teng, Shaohua},
  journal={Pattern Recognition Letters},
  volume={172},
  pages={1--7},
  year={2023},
  publisher={Elsevier}
}
@article{yang2014towards,
  title={Towards finger-vein image restoration and enhancement for finger-vein recognition},
  author={Yang, Jinfeng and Shi, Yihua},
  journal={Information Sciences},
  volume={268},
  pages={33--52},
  year={2014},
  publisher={Elsevier}
}
@article{miura2007extraction,
  title={Extraction of finger-vein patterns using maximum curvature points in image profiles},
  author={Miura, Naoto and Nagasaka, Akio and Miyatake, Takafumi},
  journal={IEICE TRANSACTIONS on Information and Systems},
  volume={90},
  number={8},
  pages={1185--1194},
  year={2007},
  publisher={The Institute of Electronics, Information and Communication Engineers}
}
@article{nanni2017handcrafted,
  title={Handcrafted vs. non-handcrafted features for computer vision classification},
  author={Nanni, Loris and Ghidoni, Stefano and Brahnam, Sheryl},
  journal={Pattern recognition},
  volume={71},
  pages={158--172},
  year={2017},
  publisher={Elsevier}
}
@article{kang2014contactless,
  title={Contactless palm vein recognition using a mutual foreground-based local binary pattern},
  author={Kang, Wenxiong and Wu, Qiuxia},
  journal={IEEE transactions on Information Forensics and Security},
  volume={9},
  number={11},
  pages={1974--1985},
  year={2014},
  publisher={IEEE}
}
@article{wang2021comparative,
  title={Comparative analysis of image classification algorithms based on traditional machine learning and deep learning},
  author={Wang, Pin and Fan, En and Wang, Peng},
  journal={Pattern recognition letters},
  volume={141},
  pages={61--67},
  year={2021},
  publisher={Elsevier}
}
@article{itqan2016user,
  title={User identification system based on finger-vein patterns using convolutional neural network},
  author={Itqan, KS and Syafeeza, AR and Gong, FG and Mustafa, N and Wong, YC and Ibrahim, MM},
  journal={ARPN Journal of Engineering and Applied Sciences},
  volume={11},
  number={5},
  pages={3316--3319},
  year={2016}
}
}@inproceedings{wang2018generative,
  title={Generative adversarial network (GAN) based data augmentation for palmprint recognition},
  author={Wang, Gengxing and Kang, Wenxiong and Wu, Qiuxia and Wang, Zhiyong and Gao, Junbin},
  booktitle={2018 digital image computing: techniques and applications (DICTA)},
  pages={1--7},
  year={2018},
  organization={IEEE}
}
@article{zhang2019gan,
  title={GAN-based image augmentation for finger-vein biometric recognition},
  author={Zhang, Jianfeng and Lu, Zhiying and Li, Min and Wu, Haopeng},
  journal={IEEE Access},
  volume={7},
  pages={183118--183132},
  year={2019},
  publisher={IEEE}
}
@article{zhang2023survey,
  title={A survey of diffusion based image generation models: Issues and their solutions},
  author={Zhang, Tianyi and Wang, Zheng and Huang, Jing and Tasnim, Mohiuddin Muhammad and Shi, Wei},
  journal={arXiv preprint arXiv:2308.13142},
  year={2023}
}
@article{liu2024diffvein,
  title={DiffVein: A Unified Diffusion Network for Finger Vein Segmentation and Authentication},
  author={Liu, Yanjun and Yang, Wenming and Liao, Qingmin},
  journal={IEEE Transactions on Circuits and Systems for Video Technology},
  year={2024},
  publisher={IEEE}
}
#生成对抗网络部分
@article{goodfellow2014generative,
  title={Generative adversarial nets},
  author={Goodfellow, Ian and Pouget-Abadie, Jean and Mirza, Mehdi and Xu, Bing and Warde-Farley, David and Ozair, Sherjil and Courville, Aaron and Bengio, Yoshua},
  journal={Advances in neural information processing systems},
  volume={27},
  year={2014}
}
@article{zhangtowards,
  title={TOWARDS PRINCIPLED METHODS FOR TRAINING GENERATIVE ADVERSARIAL NETWORKS},
  author={Zhang, Hantao}
}
#DCGAN
@article{radford2015unsupervised,
  title={Unsupervised representation learning with deep convolutional generative adversarial networks},
  author={Radford, Alec and Metz, Luke and Chintala, Soumith},
  journal={arXiv preprint arXiv:1511.06434},
  year={2015}
}
@article{salimans2016improved,
  title={Improved techniques for training gans},
  author={Salimans, Tim and Goodfellow, Ian and Zaremba, Wojciech and Cheung, Vicki and Radford, Alec and Chen, Xi},
  journal={Advances in neural information processing systems},
  volume={29},
  year={2016}
}
@article{denton2015deep,
  title={Deep generative image models using a laplacian pyramid of adversarial networks},
  author={Denton, Emily L and Chintala, Soumith and Fergus, Rob and others},
  journal={Advances in neural information processing systems},
  volume={28},
  year={2015}
}
@article{goodfellow2014distinguishability,
  title={On distinguishability criteria for estimating generative models},
  author={Goodfellow, Ian J},
  journal={arXiv preprint arXiv:1412.6515},
  year={2014}
}
@inproceedings{szegedy2016rethinking,
  title={Rethinking the inception architecture for computer vision},
  author={Szegedy, Christian and Vanhoucke, Vincent and Ioffe, Sergey and Shlens, Jon and Wojna, Zbigniew},
  booktitle={Proceedings of the IEEE conference on computer vision and pattern recognition},
  pages={2818--2826},
  year={2016}
}
@article{dziugaite2015training,
  title={Training generative neural networks via maximum mean discrepancy optimization},
  author={Dziugaite, Gintare Karolina and Roy, Daniel M and Ghahramani, Zoubin},
  journal={arXiv preprint arXiv:1505.03906},
  year={2015}
}
@inproceedings{li2015generative,
  title={Generative moment matching networks},
  author={Li, Yujia and Swersky, Kevin and Zemel, Rich},
  booktitle={International conference on machine learning},
  pages={1718--1727},
  year={2015},
  organization={PMLR}
}
@article{10323353,
  author={Qin, Huafeng and Xi, Haofei and Li, Yantao and El-Yacoubi, Mounim A. and Wang, Jun and Gao, Xinbo},
  journal={IEEE Transactions on Circuits and Systems for Video Technology}, 
  title={Adversarial Learning-Based Data Augmentation for Palm-Vein Identification}, 
  year={2024},
  volume={34},
  number={6},
  pages={4325-4341},
  keywords={Veins;Feature extraction;Training;Generators;Face recognition;Transformers;Fingerprint recognition;Data augmentation;adversarial learning;palm-vein identification;deep learning;conditional generative adversarial networks},
  doi={10.1109/TCSVT.2023.3334825}
}
#扩散模型部分
@inproceedings{sohl2015deep,
  title={Deep unsupervised learning using nonequilibrium thermodynamics},
  author={Sohl-Dickstein, Jascha and Weiss, Eric and Maheswaranathan, Niru and Ganguli, Surya},
  booktitle={International conference on machine learning},
  pages={2256--2265},
  year={2015},
  organization={pmlr}
}
@article{ho2020denoising,
  title={Denoising diffusion probabilistic models},
  author={Ho, Jonathan and Jain, Ajay and Abbeel, Pieter},
  journal={Advances in neural information processing systems},
  volume={33},
  pages={6840--6851},
  year={2020}
}
@inproceedings{ronneberger2015u,
  title={U-net: Convolutional networks for biomedical image segmentation},
  author={Ronneberger, Olaf and Fischer, Philipp and Brox, Thomas},
  booktitle={Medical image computing and computer-assisted intervention--MICCAI 2015: 18th international conference, Munich, Germany, October 5-9, 2015, proceedings, part III 18},
  pages={234--241},
  year={2015},
  organization={Springer}
}
@inproceedings{nichol2021improved,
  title={Improved denoising diffusion probabilistic models},
  author={Nichol, Alexander Quinn and Dhariwal, Prafulla},
  booktitle={International conference on machine learning},
  pages={8162--8171},
  year={2021},
  organization={PMLR}
}
@article{luo2022understanding,
  title={Understanding diffusion models: A unified perspective},
  author={Luo, Calvin},
  journal={arXiv preprint arXiv:2208.11970},
  year={2022}
}
@article{weng2021diffusion,
  title   = "What are diffusion models?",
  author  = "Weng, Lilian",
  journal = "lilianweng.github.io",
  year    = "2021",
  month   = "Jul",
  url     = "https://lilianweng.github.io/posts/2021-07-11-diffusion-models/"
}

